% Encoding: UTF-8

@MastersThesis{Ahmed2019,
  author      = {Amr Mustafa Ahmed},
  date        = {2019-01-30},
  institution = {Universiteit Utrecht},
  title       = {DevSecOps: Enabling Securityby Design in Rapid SoftwareDevelopment},
}

@Conference{Jenkins2021,
  author = {Jim Jenkins and Gerhard Steinke},
  date   = {2021},
  title  = {What Should Your DevSecOps Program Look Like?},
}

@Thesis{Martelleur2022,
  author   = {Joel Martelleur and Amina Hamza},
  date     = {2022},
  title    = {Security Tools in DevSecOps},
  subtitle = {A systematic Literatur Review},
}

@Article{Rajapakse2022,
  author       = {Roshan N. Rajapakse and Mansooreh Zahedi and M. Ali Babar and Haifeng Shen},
  date         = {2022-01},
  journaltitle = {Information and Software Technology},
  title        = {Challenges and solutions when adopting {DevSecOps}: A systematic review},
  doi          = {10.1016/j.infsof.2021.106700},
  pages        = {106700},
  volume       = {141},
  publisher    = {Elsevier {BV}},
}

@MastersThesis{Thulin2015,
  author      = {Pontus Thulin},
  date        = {2015-01-19},
  institution = {Universiteit van Linköping},
  title       = {Evaluation of the applicability of security testing techniques in continuous integration environments},
}

@Article{Saha2020,
  author    = {Aakanksha Saha and Tamara Denning and Vivek Srikumar and Sneha Kumar Kasera},
  date      = {2020-01},
  title     = {Secrets in Source Code: Reducing False Positives using Machine Learning},
  doi       = {10.1109/comsnets48256.2020.9027350},
  booktitle = {2020 International Conference on {COMmunication} Systems {\&}amp$\mathsemicolon$ {NETworkS} ({COMSNETS})},
  publisher = {{IEEE}},
}

@Report{GitGuardian2021,
  author  = {GitGuardian},
  date    = {2021},
  title   = {The state of Secrets Sprawl on Github},
  url     = {https://www.gitguardian.com/state-of-secrets-sprawl-report-2022},
  urldate = {2023-03-31},
}

@Article{Gruhn2013,
  author    = {Volker Gruhn and Christoph Hannebauer and Christian John},
  date      = {2013-08},
  title     = {Security of public continuous integration services},
  doi       = {10.1145/2491055.2491070},
  booktitle = {Proceedings of the 9th International Symposium on Open Collaboration},
  publisher = {{ACM}},
}

@Article{Rimba2015,
  author    = {Paul Rimba and Liming Zhu and Len Bass and Ihor Kuz and Steve Reeves},
  date      = {2015-09},
  title     = {Composing Patterns to Construct Secure Systems},
  doi       = {10.1109/edcc.2015.12},
  booktitle = {2015 11th European Dependable Computing Conference ({EDCC})},
  publisher = {{IEEE}},
}

@Article{Ullah2017,
  author    = {Ullah, Faheem and Raft, Adam Johannes and Shahin, Mojtaba and Zahedi, Mansooreh and Babar, Muhammad Ali},
  date      = {2017},
  title     = {Security Support in Continuous Deployment Pipeline},
  doi       = {10.48550/ARXIV.1703.04277},
  copyright = {arXiv.org perpetual, non-exclusive license},
  keywords  = {Software Engineering (cs.SE), Cryptography and Security (cs.CR), FOS: Computer and information sciences, FOS: Computer and information sciences},
  publisher = {arXiv},
}

@MastersThesis{Paule2018,
  author    = {Paule, Christina},
  date      = {2018},
  title     = {Securing DevOps : detection of vulnerabilities in CD pipelines},
  doi       = {10.18419/OPUS-10029},
  language  = {en},
  keywords  = {004},
  publisher = {Universität Stuttgart},
}

@MastersThesis{Koopman2019AFF,
  title={A framework for detecting and preventing security vulnerabilities in continuous integration/continuous delivery pipelines},
  author={Michael Koopman},
  year={2019}
}

@Report{Security2022,
  author  = {Daniel Krivelevich and Omer Gil},
  date    = {2022},
  title   = {Top 10 CI/CD Security Risks},
  url     = {https://www.cidersecurity.io/top-10-cicd-security-risks/},
  urldate = {2023-03-31},
}

@Report{Smart2022,
  author  = {Iain Smart and Viktor Gazdag},
  date    = {2022},
  title   = {RCE-as-a-Service:Lessons Learned from 5 Years of Real-World CI/CDPipeline Compromise},
  url     = {https://www.youtube.com/watch?v=Pe9nJLZvABM},
  urldate = {2023-03-31},
}

@WWW{Haymore2022,
  author = {Aaron Haymore and Iain Smart and Viktor Gazdag and Divya Natesan and Jennifer Fernick},
  date   = {2022},
  title  = {10 real-world stories of how we've compromised CI/CD pipelines},
  url    = {https://research.nccgroup.com/2022/01/13/10-real-world-stories-of-how-weve-compromised-ci-cd-pipelines/},
}

@Article{Pecka2022,
  author    = {Pecka, Nicholas and Othmane, Lotfi ben and Valani, Altaz},
  date      = {2022},
  title     = {Making Secure Software Insecure without Changing Its Code: The Possibilities and Impacts of Attacks on the DevOps Pipeline},
  doi       = {10.48550/ARXIV.2201.12879},
  copyright = {arXiv.org perpetual, non-exclusive license},
  keywords  = {Cryptography and Security (cs.CR), FOS: Computer and information sciences},
  publisher = {arXiv},
}

@Report{Foundation2021,
  author  = {Cloud Native Computing Foundation},
  date    = {2021},
  title   = {Sofware Supply Chain Best practices},
  url     = {https://github.com/cncf/tag-security/blob/main/supply-chain-security/supply-chain-security-paper/sscsp.md},
  urldate = {2023-03-31},
}

@Article{Koishybayev2022,
  author    = {Igibek Koishybayev and Aleksandr Nahapetyan and Raima Zachariah and Siddharth Muralee and Bradley Reaves and Alexandros Kapravelos and Aravind Machiry},
  title     = {Characterizing the Security of Github {CI} Workflows},
  pages     = {2747--2763},
  url       = {https://www.usenix.org/conference/usenixsecurity22/presentation/koishybayev},
  address   = {Boston, MA},
  booktitle = {31st USENIX Security Symposium (USENIX Security 22)},
  isbn      = {978-1-939133-31-1},
  month     = aug,
  publisher = {USENIX Association},
  year      = {2022},
}

@Report{Suezawa2021,
  author  = {Hiroki Suezawa},
  date    = {2021-10-20},
  title   = {Attacking and Securing CI/CD Pipeline},
  url     = {https://www.suezawa.net},
  urldate = {2023-03-31},
}

@Report{Kaskasoli2021,
  author  = {Alex Kaskasoli},
  date    = {2021-05-11},
  title   = {Terraform Plan "RCE"},
  url     = {https://alex.kaskaso.li/post/terraform-plan-rce},
  urldate = {2023-03-31},
}

@Report{Ahmed2021,
  author  = {Mazin Ahmed},
  date    = {2021},
  title   = {Attacking Terraform Environments},
  url     = {https://www.youtube.com/watch?v=d4V75rrVrL4},
  urldate = {2023-03-31},
}

@Report{Bar2021,
  author  = {Rotem Bar},
  date    = {2021},
  title   = {Abusing SAST Tools},
  url     = {https://www.youtube.com/watch?v=Jl-CU6G4Ofc&t=2347s},
  urldate = {2023-03-31},
}

@Article{Mouw2021,
  author = {Maurice Mouw},
  title  = {Profiling the abuse of exposed secrets in public repositories},
  year   = {2021},
}

@Article{Basak2023,
  author    = {Basak, Setu Kumar and Neil, Lorenzo and Reaves, Bradley and Williams, Laurie},
  date      = {2023},
  title     = {What Challenges Do Developers Face About Checked-in Secrets in Software Artifacts?},
  doi       = {10.48550/ARXIV.2301.12377},
  copyright = {arXiv.org perpetual, non-exclusive license},
  keywords  = {Software Engineering (cs.SE), Cryptography and Security (cs.CR), FOS: Computer and information sciences, FOS: Computer and information sciences},
  publisher = {arXiv},
}

@Article{Rahman2019,
  author    = {Akond Rahman and Chris Parnin and Laurie Williams},
  date      = {2019-05},
  title     = {The Seven Sins: Security Smells in Infrastructure as Code Scripts},
  doi       = {10.1109/icse.2019.00033},
  booktitle = {2019 {IEEE}/{ACM} 41st International Conference on Software Engineering ({ICSE})},
  publisher = {{IEEE}},
}

@Article{Kumara2021,
  author       = {Indika Kumara and Mart{\'{\i}}n Garriga and Angel Urbano Romeu and Dario Di Nucci and Fabio Palomba and Damian Andrew Tamburri and Willem-Jan van den Heuvel},
  date         = {2021-09},
  journaltitle = {Information and Software Technology},
  title        = {The do's and don'ts of infrastructure code: A systematic gray literature review},
  doi          = {10.1016/j.infsof.2021.106593},
  pages        = {106593},
  volume       = {137},
  publisher    = {Elsevier {BV}},
}

@Book{Morris2021,
  author    = {Morris, Kief},
  date      = {2021},
  title     = {Infrastructure As Code},
  isbn      = {9781098114671},
  pages     = {350},
  publisher = {O'Reilly Media, Incorporated},
  subtitle  = {Dynamic Systems for the Cloud Age},
}

@Article{Rahman2021,
  author    = {Akond Rahman and Farhat Lamia Barsha and Patrick Morrison},
  date      = {2021-10},
  title     = {Shhh!: 12 Practices for Secret Management in Infrastructure as Code},
  doi       = {10.1109/secdev51306.2021.00024},
  booktitle = {2021 {IEEE} Secure Development Conference ({SecDev})},
  publisher = {{IEEE}},
}

@Book{Agarwal2021,
  author    = {Agarwal, Gaurav},
  date      = {2021},
  title     = {Modern DevOps Practices},
  isbn      = {9781800562387},
  pages     = {530},
  publisher = {Packt Publishing, Limited},
  subtitle  = {Implement and Secure DevOps in the Public Cloud with Cutting-Edge Tools, Tips, Tricks, and Techniques},
}

@Article{Basak2022,
  author    = {Basak, Setu Kumar and Neil, Lorenzo and Reaves, Bradley and Williams, Laurie},
  date      = {2022},
  title     = {What are the Practices for Secret Management in Software Artifacts?},
  doi       = {10.48550/ARXIV.2208.11280},
  copyright = {arXiv.org perpetual, non-exclusive license},
  keywords  = {Software Engineering (cs.SE), Cryptography and Security (cs.CR), FOS: Computer and information sciences, FOS: Computer and information sciences, 68-01},
  publisher = {arXiv},
}

@Book{Calles2020,
  author    = {Calles, Miguel A.},
  date      = {2020},
  title     = {Practical Serverless Security : Building Secure and Reliable Applications in AWS, Microsoft Azure, and Google Cloud},
  isbn      = {9781484260999},
  pages     = {364},
  publisher = {Apress},
  subtitle  = {Building Secure and Reliable Applications in AWS, Microsoft Azure, and Google Cloud},
}

@WWW{IBM2021,
  author = {IBM},
  date   = {2021},
  title  = {What is DevOps?},
  url    = {https://www.ibm.com/topics/devops},
}

@Report{IBM2021a,
  author = {IBM},
  date   = {2021},
  title  = {IBM CLoud DevOps Field Guide},
}

@Report{Frank2021,
  author = {Maximilan Frank},
  date   = {2021},
  title  = {Terraform CI code execution restrictions},
  url    = {https://engineering.mercari.com/en/blog/entry/20220519-terraform-ci-code-execution-restrictions/},
}

@WWW{Zettler2020,
  author = {Kev Zettler},
  date   = {2020},
  title  = {DevSecOps-tools},
  url    = {https://www.atlassian.com/nl/devops/devops-tools/devsecops-tools},
}

@Article{Levine2020,
  author = {Daniel Levine},
  date   = {2020-06-02},
  title  = {What is a Container? Definition, Benefits, and Use Cases},
}

@Article{VanLanduyt2021,
  author       = {Dimitri Van~Landuyt and Wouter Joosen},
  date         = {2021-11},
  journaltitle = {Software and Systems Modeling},
  title        = {A descriptive study of assumptions in {STRIDE} security threat modeling},
  doi          = {10.1007/s10270-021-00941-7},
  number       = {6},
  pages        = {2311--2328},
  volume       = {21},
  publisher    = {Springer Science and Business Media {LLC}},
}

@WWW{Kantor2021,
  author = {Igor Kantor},
  date   = {2021-01-31},
  title  = {Shift-Left Security: The Basics of Threat Modeling},
  url    = {https://iterasec.com/blog/shift-left-security-the-basics-of-threat-modeling/},
}

@WWW{Baker2021,
  author = {Kurt Baker},
  date   = {2021-09-02},
  title  = {Remote Code Execution (RCE) Principles and function},
}

@WWW{LenaertsBergmans2023,
  author = {Bart Lenaerts-Bergmans},
  date   = {2023-04-11},
  title  = {Denial of Service (DOS) Attacks},
  url    = {https://www.crowdstrike.com/cybersecurity-101/denial-of-service-dos-attacks/},
}

@Book{Huettermann2012,
  author    = {Hüttermann, Michael},
  date      = {2012},
  title     = {DevOps for Developers},
  isbn      = {9781430245698},
  pages     = {196},
  publisher = {Apress},
}

@Book{Salecha2023,
  author    = {Salecha, Rohit},
  date      = {2023},
  title     = {Practical GitOps},
  isbn      = {9781484286722},
  publisher = {Apress L. P.},
  subtitle  = {Infrastructure Management Using Terraform, AWS and GitHub Actions},
}

@WWW{DavidFound2021,
  author = {DavidFound},
  date   = {2021-01-04},
  title  = {Intro to Continuous Integration, Continuous Delivery, and Continuous Deployment},
  url    = {https://www.indellient.com/blog/whats-the-difference-between-continuous-integration-continuous-delivery-and-continuous-deployment/},
}

@WWW{Zadeh2022,
  author = {Rassoul Ghaznavi Zadeh},
  date   = {2022},
  title  = {Allow egress traffic and block ingress traffic to your network},
  url    = {https://www.youtube.com/watch?v=PJz5CVfyqNc},
}

@WWW{Paganini2021,
  author = {Pierluigi Paganini},
  date   = {2021-09-28},
  title  = {SolarWinds hack: the mystery of one of the biggest cyberattacks ever},
  url    = {https://cybernews.com/security/solarwinds-hack-the-mystery-of-one-of-the-biggest-cyberattacks-ever/},
}

@WWW{Putra2023,
  author = {Anton Putra},
  date   = {2023-04-03},
  title  = {Argo CD Tutorial},
  url    = {https://www.youtube.com/playlist?list=PLiMWaCMwGJXkktZoHhmL6sbg7ELNjv9Xw},
}

@WWW{Kumar2023,
  author = {Vikash Kumar},
  date   = {2023-04-02},
  title  = {Complete Real-time DevOps CI/CD Project | Jenkins Shared Lib | DevSecOps | Advanced Pro | HandsOn},
  url    = {https://www.youtube.com/watch?v=g-v9AsubOqY&t=3249s},
}

@Article{Cider2022,
  author = {Cider},
  date   = {2022},
  title  = {cicd-goat challenges},
}

@Comment{jabref-meta: databaseType:biblatex;}
